% This file was created with JabRef 2.10.
% Encoding: UTF8

@article{atzori2012social,
	title={The social internet of things (siot)--when social networks meet the internet of things: Concept, architecture and network characterization},
	author={Atzori, Luigi and Iera, Antonio and Morabito, Giacomo and Nitti, Michele},
	journal={Computer networks},
	volume={56},
	number={16},
	pages={3594--3608},
	year={2012},
	publisher={Elsevier}
}


@inproceedings{guinard2010sharing,
	title={Sharing using social networks in a composable web of things},
	author={Guinard, Dominique and Fischer, Mathias and Trifa, Vlad},
	booktitle={Pervasive Computing and Communications Workshops (PERCOM Workshops), 2010 8th IEEE International Conference on},
	pages={702--707},
	year={2010},
	organization={IEEE}
}

@article{atzori2014smart,
	title={From" smart objects" to" social objects": The next evolutionary step of the internet of things},
	author={Atzori, Luigi and Iera, Antonio and Morabito, Giacomo},
	journal={IEEE Communications Magazine},
	volume={52},
	number={1},
	pages={97--105},
	year={2014},
	publisher={IEEE}
}


@inproceedings{guo2012opportunistic,
	title={Opportunistic IoT: Exploring the social side of the internet of things},
	author={Guo, Bin and Yu, Zhiwen and Zhou, Xingshe and Zhang, Daqing},
	booktitle={Computer Supported Cooperative Work in Design (CSCWD), 2012 IEEE 16th International Conference on},
	pages={925--929},
	year={2012},
	organization={IEEE}
}

@article{tomasini2017effect,
	title={On the effect of human mobility to the design of metropolitan mobile opportunistic networks of sensors},
	author={Tomasini, Marcello and Mahmood, Basim and Zambonelli, Franco and Brayner, Angelo and Menezes, Ronaldo},
	journal={Pervasive and Mobile Computing},
	volume={38},
	pages={215--232},
	year={2017},
	publisher={Elsevier}
}

@article{kowshalya2016community,
	title={Community Detection in the Social Internet of Things Based on Movement, Preference and Social Similarity},
	author={Kowshalya, A Meena and VALARMATHI, ML},
	journal={Studies in Informatics and Control},
	volume={25},
	number={4},
	pages={499--506},
	year={2016}
}


@article{ning2011future,
	title={Future internet of things architecture: like mankind neural system or social organization framework?},
	author={Ning, Huansheng and Wang, Ziou},
	journal={IEEE Communications Letters},
	volume={15},
	number={4},
	pages={461--463},
	year={2011},
	publisher={IEEE}
}


@article{guo2013opportunistic,
	title={Opportunistic IoT: Exploring the harmonious interaction between human and the {I}nternet of {T}hings},
	author={Guo, Bin and Zhang, Daqing and Wang, Zhu and Yu, Zhiwen and Zhou, Xingshe},
	journal={Journal of Network and Computer Applications},
	volume={36},
	number={6},
	pages={1531--1539},
	year={2013},
	publisher={Elsevier}
}


@article{ortiz2014cluster,
	title={The cluster between internet of things and social networks: Review and research challenges},
	author={Ortiz, Antonio M and Hussein, Dina and Park, Soochang and Han, Son N and Crespi, Noel},
	journal={IEEE Internet of Things Journal},
	volume={1},
	number={3},
	pages={206--215},
	year={2014},
	publisher={IEEE}
}